@misc{Prof.FrankL.H.Wolfs1997Method,
    title = {{ APPENDIX E: Introduction to the Scientific Method}},
    year = {1997},
    booktitle = { Department of Physics and Astronomy, University of Rochester },
    author = {{Prof. Frank L. H. Wolfs}}
}

@misc{SecretariadeAgriculturayDesarrolloRural2015DiaMundialDeLasAbejas:Colmena,
    title = {{{\#}D{\'{i}}aMundialDeLasAbejas: Adem{\'{a}}s de miel ¿qu{\'{e}} m{\'{a}}s hay en la colmena?}},
    year = {2015},
    author = {{Secretar{\'{i}}a de Agricultura y Desarrollo Rural}},
    url = {https://www.gob.mx/agricultura/es/articulos/ademas-de-miel-que-mas-hay-en-la-colmena}
}

@misc{209404189-colmena-de-abejas-silvestres-colgada-de-una-rama-alta-de-un-arbol-creada-con-ia-generativa.jpgPixels,
    title = {{209404189-colmena-de-abejas-silvestres-colgada-de-una-rama-alta-de-un-{\'{a}}rbol-creada-con-ia-generativa.jpg (JPEG Image, 1300 × 867 pixels)}},
    url = {https://previews.123rf.com/images/alfazetchronicles/alfazetchronicles2307/alfazetchronicles230724919/209404189-colmena-de-abejas-silvestres-colgada-de-una-rama-alta-de-un-%C3%A1rbol-creada-con-ia-generativa.jpg}
}

@misc{71aacd_e0a7927e37e9475082c88ca981899364.jpgPixels,
    title = {{71aacd{\_}e0a7927e37e9475082c88ca981899364.jpg (WEBP Image, 640 × 426 pixels)}},
    url = {https://static.wixstatic.com/media/71aacd_e0a7927e37e9475082c88ca981899364.jpg/v1/fill/w_640,h_426,al_c,q_80,usm_0.66_1.00_0.01,enc_auto/71aacd_e0a7927e37e9475082c88ca981899364.jpg}
}

@misc{71qTVuDxOrL._AC_UF8941000_QL80_.jpg894732,
    title = {{71qTVuDxOrL.{\_}AC{\_}UF894,1000{\_}QL80{\_}.jpg (894×732)}},
    url = {https://m.media-amazon.com/images/I/71qTVuDxOrL._AC_UF894,1000_QL80_.jpg}
}

@misc{92951b8f1f397c80284c974ac7ff14bd.jpgPixels,
    title = {{92951b8f1f397c80284c974ac7ff14bd.jpg (JPEG Image, 323 × 323 pixels)}},
    url = {https://i.pinimg.com/originals/92/95/1b/92951b8f1f397c80284c974ac7ff14bd.jpg}
}

@incollection{Chen2020ADesign,
    title = {{A Pi-Based Beehive IoT System Design}},
    year = {2020},
    author = {Chen, Yi-Liang and Chien, Hung-Yu and Hsu, Ting-Hsuan and Jing, Yi-Jhen and Lin, Chun-Yu and Lin, Yi-Chun},
    pages = {535--543},
    doi = {10.1007/978-3-030-16946-6{\_}43}
}

@article{DavidCrampABEEKEEPING,
    title = {{A Practical Manual of BEEKEEPING}},
    author = {{David Cramp}},
    url = {www.howtobooks.co.uk}
}

@article{Cecchi2020AMonitoring,
    title = {{A Smart Sensor-Based Measurement System for Advanced Bee Hive Monitoring}},
    year = {2020},
    journal = {Sensors},
    author = {Cecchi, Stefania and Spinsante, Susanna and Terenzi, Alessandro and Orcioni, Simone},
    number = {9},
    month = {5},
    pages = {2726},
    volume = {20},
    doi = {10.3390/s20092726},
    issn = {1424-8220}
}

@misc{SecretariadeAgriculturayDesarrolloRuralAbejasApicultura,
    title = {{Abejas y apicultura}},
    author = {{Secretar{\'{i}}a de Agricultura y Desarrollo Rural}},
    url = {https://atlas-abejas.agricultura.gob.mx/cap2.html}
}

@misc{AdafruitKits,
    title = {{Adafruit VEML6075 UVA UVB and UV Index Sensor Breakout : ID 3964 : Adafruit Industries, Unique {\&} fun DIY electronics and kits}},
    url = {https://www.adafruit.com/product/3964}
}

@misc{ADMP401Devices,
    title = {{ADMP401 Datasheet and Product Info | Analog Devices}},
    url = {https://www.analog.com/en/products/admp401.html}
}

@misc{ADXL345Devices,
    title = {{ADXL345 Datasheet and Product Info | Analog Devices}},
    url = {https://www.analog.com/en/products/adxl345.html}
}

@misc{DataMexico2021AgriculturaCaza,
    title = {{Agricultura, Cr{\'{i}}a y Explotaci{\'{o}}n de Animales, Aprovechamiento Forestal, Pesca y Caza}},
    year = {2021},
    author = {{Data Mexico}},
    url = {https://www.economia.gob.mx/datamexico/es/profile/industry/agriculture-animal-production-forestry-fishing-and-hunting#employment}
}

@misc{SecretariadeAgriculturayDesarrolloRural2022Apicultura:Abejas,
    title = {{Apicultura: el arte de criar abejas}},
    year = {2022},
    author = {{Secretar{\'{i}}a de Agricultura y Desarrollo Rural}},
    month = {5},
    url = {https://www.gob.mx/agricultura/articulos/apicultura-el-arte-de-criar-abejas?idiom=es}
}

@misc{Apis_mellifera_Western_honey_bee.jpg57,
    title = {{Apis{\_}mellifera{\_}Western{\_}honey{\_}bee.jpg (JPEG Image, 1923 × 1599 pixels) — Scaled (57{\%})}},
    url = {https://upload.wikimedia.org/wikipedia/commons/4/4d/Apis_mellifera_Western_honey_bee.jpg}
}

@book{Russell2022ArtificialEdition,
    title = {{Artificial Intelligence A Modern Approach Global Edition}},
    year = {2022},
    author = {{Stuart J. Russell} and {Peter Norvig}},
    edition = {4},
    publisher = {Pearson Education Limited },
    isbn = {1-292-40113-3}
}

@misc{AtlasApicultura,
    title = {{Atlas Nacional de las Abejas y Derivados Ap{\'{i}}colas : Abejas y apicultura}},
    url = {https://atlas-abejas.agricultura.gob.mx/cap2.html#24_Instalaci%C3%B3n,_Manejo_y_Mantenimiento_de_Apiarios}
}

@techreport{Nolasco2018AUDIO-BASEDSTATES,
    title = {{AUDIO-BASED IDENTIFICATION OF BEEHIVE STATES}},
    year = {2018},
    author = {Nolasco, Inês and Terenzi, Alessandro and Cecchi, Stefania and Orcioni, Simone and Bear, Helen L and Benetos, Emmanouil},
    arxivId = {1811.06330v2},
    keywords = {Hilbert-Huang transform, Index Terms-Empirical mode decomposition, beehive state recognition, bioacoustics, computational bioacoustic scene analysis}
}

@inproceedings{Chazette2016BasicControl,
    title = {{Basic algorithms for bee hive monitoring and laser-based mite control}},
    year = {2016},
    booktitle = {2016 IEEE Symposium Series on Computational Intelligence (SSCI)},
    author = {Chazette, Larissa and Becker, Matthias and Szczerbicka, Helena},
    month = {12},
    pages = {1--8},
    publisher = {IEEE},
    isbn = {978-1-5090-4240-1},
    doi = {10.1109/SSCI.2016.7850001}
}

@misc{BE-1753-648x589-1.jpg648589,
    title = {{BE-1753-648x589-1.jpg (648×589)}},
    url = {https://www.faranux.com/wp-content/uploads/2018/11/BE-1753-648x589-1.jpg}
}

@misc{BeeImage,
    title = {{Bee Insect Pollinate image}},
    url = {https://pixabay.com/ru/photos/%D0%BF%D1%87%D0%B5%D0%BB%D0%B0-%D0%BD%D0%B0%D1%81%D0%B5%D0%BA%D0%BE%D0%BC%D0%BE%D0%B5-%D0%BE%D0%BF%D1%8B%D0%BB%D1%8F%D1%82%D1%8C-%D0%BE%D0%BF%D1%8B%D0%BB%D0%B5%D0%BD%D0%B8%D0%B5-3609080/}
}

@article{Zgank2019BeeService,
    title = {{Bee Swarm Activity Acoustic Classification for an IoT-Based Farm Service}},
    year = {2019},
    journal = {Sensors},
    author = {Zgank, Andrej},
    number = {1},
    month = {12},
    pages = {21},
    volume = {20},
    doi = {10.3390/s20010021},
    issn = {1424-8220}
}

@misc{Bees91,
    title = {{bees in the rain.jpg (WEBP Image, 1024 × 1024 pixels) — Scaled (91{\%})}},
    url = {https://img1.wsimg.com/isteam/ip/0d815159-4daa-48df-9934-fe96216c6e30/bees%20in%20the%20rain.jpg}
}

@misc{BehringerUCA222,
    title = {{Behringer | Product | UCA222}},
    url = {https://www.behringer.com/product.html?modelCode=0805-AAG}
}

@misc{MVZ.AdrianaCorreaBenitez2018BUENASMIEL,
    title = {{BUENAS PR{\'{A}}CTICAS PECUARIAS EN LA PRODUCCI{\'{O}}N PRIMARIA DE MIEL}},
    year = {2018},
    booktitle = {Facultad de Medicina Veterinaria y Zootecnia de la UNAMDepartamento de Medicina y Zootecnia de Abejas,  Conejos y Organismos Acu{\'{a}}ticos},
    author = {{MVZ. Adriana Correa Ben{\'{i}}tez} and {MVZ. Itzel Vasquez Valencia} and {Dra. Nelly Pe{\~{n}}a Haaz} and {MVZ. Leticia Le{\'{o}}n Luna} and {MC. Ricardo Anguiano B{\'{a}}ez}},
    url = {https://atlas-abejas.agricultura.gob.mx/pdfs/Manual_BPP_en_la_Producci_n_primaria_de_Miel_octubre_2018.pdf}
}

@misc{BuyPi,
    title = {{Buy a Raspberry Pi 3 Model B – Raspberry Pi}},
    url = {https://www.raspberrypi.com/products/raspberry-pi-3-model-b/}
}

@misc{Classification:Developers,
    title = {{Classification: Accuracy  |  Machine Learning  |  Google for Developers}},
    url = {https://developers.google.com/machine-learning/crash-course/classification/accuracy}
}

@misc{Classification:Developersb,
    title = {{Classification: Precision and Recall  |  Machine Learning  |  Google for Developers}},
    url = {https://developers.google.com/machine-learning/crash-course/classification/precision-and-recall}
}

@misc{Classification:Developersc,
    title = {{Classification: ROC Curve and AUC  |  Machine Learning  |  Google for Developers}},
    url = {https://developers.google.com/machine-learning/crash-course/classification/roc-and-auc}
}

@misc{ConfusionTopics,
    title = {{Confusion Matrix - an overview | ScienceDirect Topics}},
    url = {https://www.sciencedirect.com/topics/engineering/confusion-matrix}
}

@article{MaganaMaganaCostosMexico,
    title = {{Costos y rentabilidad del proceso deproducci{\'{o}}n ap{\'{i}}cola en M{\'{e}}xico}},
    author = {Maga{\~{n}}a Maga{\~{n}}a, Miguel A and Leyva Morales, Carlos E},
    url = {https://www.scielo.org.mx/pdf/cya/n235/n235a6.pdf},
    keywords = {beekeeping, cost and profitability, production process}
}

@misc{CreceSaltillo,
    title = {{Crece producci{\'{o}}n de miel en M{\'{e}}xico | El Peri{\'{o}}dico de Saltillo}},
    url = {https://elperiodicodesaltillo.com/wp/2021/06/01/crece-produccion-de-miel-en-mexico/}
}

@techreport{SecretariadeAgriculturayDesarrolloRura2022CrecenAgricultura,
    title = {{Crecen producci{\'{o}}n y exportaciones de miel en M{\'{e}}xico al cierre de 2021: Agricultura}},
    year = {2022},
    author = {{Secretar{\'{i}}a de Agricultura y Desarrollo Rura}},
    url = {https://www.gob.mx/agricultura/prensa/crecen-produccion-y-exportaciones-de-miel-en-mexico-al-cierre-de-2021-agricultura-293944?idiom=es}
}

@misc{SecretariadeAgriculturayDesarrolloRuralCrecenAgricultura,
    title = {{Crecen producci{\'{o}}n y exportaciones de miel en M{\'{e}}xico al cierre de 2021: Agricultura}},
    author = {{Secretar{\'{i}}a de Agricultura y Desarrollo Rural}},
    url = {https://www.gob.mx/agricultura/prensa/crecen-produccion-y-exportaciones-de-miel-en-mexico-al-cierre-de-2021-agricultura-293944?idiom=es}
}

@misc{DataMexico2023CriaAnimales,
    title = {{Cr{\'{i}}a y Explotaci{\'{o}}n de Animales}},
    year = {2023},
    author = {{Data Mexico}},
    url = {https://www.economia.gob.mx/datamexico/es/profile/industry/animal-production-and-aquaculture?yearSelectorGdp=timeOption0}
}

@misc{CZN-15EElectronics,
    title = {{CZN-15E Omnidirectional Electret Condenser Microphone 9x7mm with pins - 9767 - Capacitive - Sensitivity 58 [5521] : Sunrom Electronics}},
    url = {https://www.sunrom.com/p/czn-15e-omnidirectional-electret-condenser-microphone-9x7mm-with-pins-9767-capacitive-sensitivity-58}
}

@article{JohnF.Sowa1993D.B.Projec,
    title = {{D.B. Lenat and R.V. Guha, Building Large Knowledge-Based Systems: Representation and Inference in the Cyc Projec}},
    year = {1993},
    journal = {Artificial Intelligence 61:95-104},
    author = {{John F. Sowa}}
}

@misc{Dall-e_3_jan_24_artificial_intelligence_icon.pngPixels,
    title = {{Dall-e{\_}3{\_}(jan{\_}'24){\_}artificial{\_}intelligence{\_}icon.png (PNG Image, 820 × 820 pixels)}},
    url = {https://upload.wikimedia.org/wikipedia/commons/6/64/Dall-e_3_%28jan_%2724%29_artificial_intelligence_icon.png}
}

@article{3134DatasheetKnow,
    title = {{Datasheet 3134-Micro Load Cell (0-20kg)-CZL635 What do you have to know?}},
    year = {3134},
    url = {https://www.gotronic.fr/pj-460.pdf}
}

@article{LiuDigital-outputModule/sensor,
    title = {{Digital-output relative humidity {\&} temperature sensor/module DHT22 (DHT22 also named as AM2302) Capacitive-type humidity and temperature module/sensor}},
    author = {Liu, Thomas}
}

@misc{DownloadPixabay,
    title = {{Download Solar Panels, Renewable Energy, Photovoltaic Cells. Royalty-Free Vector Graphic - Pixabay}},
    url = {https://pixabay.com/vectors/solar-panels-renewable-energy-8593759/}
}

@misc{Eaton-xv-supercapacitor.jpg500500,
    title = {{eaton-xv-supercapacitor.jpg (500×500)}},
    url = {https://www.eaton.com/content/dam/eaton/products/electronic-components/images/product/eaton-xv-supercapacitor.jpg}
}

@inproceedings{Vidrascu2017EmbeddedNode,
    title = {{Embedded software for IOT bee hive monitoring node}},
    year = {2017},
    booktitle = {2017 IEEE 23rd International Symposium for Design and Technology in Electronic Packaging (SIITME)},
    author = {Vidrascu, M. G. and Svasta, P. M.},
    month = {10},
    pages = {183--188},
    publisher = {IEEE},
    isbn = {978-1-5386-1626-0},
    doi = {10.1109/SIITME.2017.8259887}
}

@article{2024ESP32Including,
    title = {{ESP32 Series Datasheet 2.4 GHz Wi-Fi + Bluetooth {\textregistered} + Bluetooth LE SoC Including}},
    year = {2024},
    url = {www.espressif.com}
}

@misc{ESP32-C2Systems,
    title = {{ESP32-C2 Wi-Fi {\&} BLE 5 SoC | Espressif Systems}},
    url = {https://www.espressif.com/en/products/socs/esp32-c2}
}

@misc{InstitutoNacionaldeEstadisticayGeografia2018Estadisticas,
    title = {{Estad{\'{i}}sticas}},
    year = {2018},
    author = {{Instituto Nacional de Estad{\'{i}}stica y Geograf{\'{i}}a} and {Secretar{\'{i}}a de Agricultura y Desarrollo Rural}},
    month = {1},
    url = {https://atlas-abejas.agricultura.gob.mx/cap5.html#53_Producci%C3%B3n_de_Miel_por_municipio_2018}
}

@misc{GrovePiKit,
    title = {{GrovePi Internet of Things Robot Kit}},
    url = {https://www.dexterindustries.com/grovepi/}
}

@inproceedings{Vidrascu2016HighMonitoring,
    title = {{High reliability wireless sensor node for bee hive monitoring}},
    year = {2016},
    booktitle = {2016 IEEE 22nd International Symposium for Design and Technology in Electronic Packaging (SIITME)},
    author = {Vidrascu, M. G. and Svasta, P. M. and Vladescu, M.},
    month = {10},
    pages = {134--138},
    publisher = {IEEE},
    isbn = {978-1-5090-4445-0},
    doi = {10.1109/SIITME.2016.7777262}
}

@misc{HopfieldGeeksforGeeks,
    title = {{Hopfield Neural Network - GeeksforGeeks}},
    url = {https://www.geeksforgeeks.org/hopfield-neural-network/}
}

@misc{HowDengarden,
    title = {{How to Maintain and Care for a Beehive - Dengarden}},
    url = {https://dengarden.com/gardening/A-Guide-to-Beehive-Maintenance-through-the-Seasons}
}

@misc{How-do-bees-make-honey.jpg96,
    title = {{How-do-bees-make-honey.jpg (WEBP Image, 1000 × 650 pixels) — Scaled (96{\%})}},
    url = {https://ehedz2qmxit.exactdn.com/wp-content/uploads/2022/02/How-do-bees-make-honey.jpg}
}

@misc{HX711Electronics,
    title = {{HX711 Datasheet by SparkFun Electronics | Digi-Key Electronics}},
    url = {https://www.digikey.com/htmldatasheets/production/1836471/0/0/1/hx711.html}
}

@article{INMP441DESCRIPTION,
    title = {{INMP441 Omnidirectional Microphone with Bottom Port and I 2 S Digital Output GENERAL DESCRIPTION}},
    url = {www.invensense.com}
}

@misc{InstallingTutorials,
    title = {{Installing ESP32 Board in Arduino IDE 2 (Windows, Mac OS X, Linux) | Random Nerd Tutorials}},
    url = {https://randomnerdtutorials.com/installing-esp32-arduino-ide-2-0/}
}

@misc{Internal-hive-temperature.jpgPixels,
    title = {{Internal-hive-temperature.jpg (WEBP Image, 500 × 333 pixels)}},
    url = {https://i0.wp.com/www.honeybeesuite.com/wp-content/uploads/2017/02/Internal-hive-temperature.jpg?fit=500%2C333&ssl=1}
}

@book{RajKamal2017INTERNETPrinciples,
    title = {{INTERNET OF THINGS Architecture and Design Principles}},
    year = {2017},
    author = {{Raj Kamal}},
    publisher = {McGraw Hill Education (India) Private Limited},
    address = {Rau, Indore, Madhya Pradesh, India}
}

@misc{Internet-image-2.webpPixels,
    title = {{Internet-image-(2).webp (WEBP Image, 626 × 626 pixels)}},
    url = {https://media.geeksforgeeks.org/wp-content/uploads/20230420093202/Internet-image-(2).webp}
}

@misc{IntroductionScience,
    title = {{Introduction to Spiking Neural Networks | Baeldung on Computer Science}},
    url = {https://www.baeldung.com/cs/spiking-neural-networks}
}

@inproceedings{Rezwan2018IoTApp,
    title = {{IoT Based Smart Inventory Management System for Kitchen Using Weight Sensors, LDR, LED, Arduino Mega and NodeMCU (ESP8266) Wi-Fi Module with Website and App}},
    year = {2018},
    booktitle = {2018 Fourth International Conference on Advances in Computing, Communication {\&} Automation (ICACCA)},
    author = {Rezwan, Sifat and Ahmed, Wasit and Mahia, Mahrin Alam and Islam, Mohammad Rezaul},
    month = {10},
    pages = {1--6},
    publisher = {IEEE},
    isbn = {978-1-5386-7167-2},
    doi = {10.1109/ICACCAF.2018.8776761}
}

@misc{IOT-4.png50,
    title = {{IOT-4.png (WEBP Image, 1920 × 1130 pixels) — Scaled (50{\%})}},
    url = {https://assets.datamation.com/uploads/2021/04/IOT-4.png}
}

@misc{IoT-Architecture--the-framework-IoT-needs-1024x435.png94,
    title = {{IoT-Architecture-–-the-framework-IoT-needs-1024x435.png (PNG Image, 1024 × 435 pixels) — Scaled (94{\%})}},
    url = {https://forgeahead.io/wp-content/uploads/2022/03/IoT-Architecture-%E2%80%93-the-framework-IoT-needs-1024x435.png}
}

@article{Bradbear2005LaSostenible,
    title = {{La apicultura y los medios de vida sostenible}},
    year = {2005},
    journal = {Folleto de la FAO sobre diversificaci{\'{o}}n},
    author = {Bradbear, N.},
    pages = {17},
    volume = {1},
    url = {https://www.fao.org/3/y5110s/y5110s00.htm},
    isbn = {92-5-305074-8}
}

@misc{Layers-in-Internet-of-Things-IoT-Architecture.jpg48,
    title = {{Layers-in-Internet-of-Things-IoT-Architecture.jpg (WEBP Image, 2000 × 1125 pixels) — Scaled (48{\%})}},
    url = {https://dgtlinfra.com/wp-content/uploads/2022/11/Layers-in-Internet-of-Things-IoT-Architecture.jpg}
}

@misc{LoadElectronics,
    title = {{Load Cell - 10kg, Straight Bar (TAL220) - SEN-13329 - SparkFun Electronics}},
    url = {https://www.sparkfun.com/products/13329}
}

@misc{LT3652Devices,
    title = {{LT3652 Datasheet and Product Info | Analog Devices}},
    url = {https://www.analog.com/en/products/lt3652.html}
}

@misc{LTC3652Technology,
    title = {{LTC3652 Datasheet(PDF) - Linear Technology}},
    url = {https://www.alldatasheet.com/datasheet-pdf/pdf/416450/LINER/LTC3652.html}
}

@misc{AjiteshKumar2023MachineExamples,
    title = {{Machine Learning - Sensitivity vs Specificity Differences, Examples}},
    year = {2023},
    author = {{Ajitesh Kumar}},
    url = {https://vitalflux.com/ml-metrics-sensitivity-vs-specificity-difference/}
}

@inproceedings{Vidrascu2017Maintenance-freeMonitoring,
    title = {{Maintenance-free IOT gateway design for bee hive monitoring}},
    year = {2017},
    booktitle = {2017 IEEE 23rd International Symposium for Design and Technology in Electronic Packaging (SIITME)},
    author = {Vidrascu, M. G. and Svasta, P. M.},
    month = {10},
    pages = {189--193},
    publisher = {IEEE},
    isbn = {978-1-5386-1626-0},
    doi = {10.1109/SIITME.2017.8259886}
}

@book{HernandezSampieri2014MetodologiaInvestigacion,
    title = {{Metodologia de la investigacion}},
    year = {2014},
    author = {Hern{\'{a}}ndez Sampieri, Roberto and Fern{\'{a}}ndez Collado, Carlos and Mar{\'{i}}a del Pilar Baptista Lucio, Dra and M{\'{e}}ndez Valencia Christian Paulina Mendoza Torres, Sergio},
    isbn = {9781456223960},
    keywords = {Metodologia de la investigacion, jamespoetrodriguez}
}

@misc{ModuloESP-12E,
    title = {{M{\'{o}}dulo ESP8266 ESP-12E}},
    url = {https://naylampmechatronics.com/espressif-esp/176-modulo-esp-12e-esp8266-wifi.html}
}

@misc{ModuloESP-12Eb,
    title = {{M{\'{o}}dulo ESP8266 ESP-12E}},
    url = {https://naylampmechatronics.com/espressif-esp/176-modulo-esp-12e-esp8266-wifi.html}
}

@article{NXPBVMPL3115A2Sheet,
    title = {{MPL3115A2, I2C precision pressure sensor with altrimetry - data sheet}},
    author = {{NXP BV}},
    keywords = {20 kPA to 110 kPa operating range, I2C digital interface, MPL3115A2, absolute pressure sensor, altitude, autonomous data acquisition, compensated pressure, interrupt data acquisition, on-chip temperature sensor, piezoresistive, power save, pressure, temperature compensated MEMS, user programmable modes}
}

@misc{OpenEnergyMonitorOpenenergymonitorShop,
    title = {{Openenergymonitor shop}},
    author = {{OpenEnergyMonitor}},
    url = {https://shop.openenergymonitor.com/}
}

@misc{OverviewSystem,
    title = {{Overview | TSL2561 Luminosity Sensor | Adafruit Learning System}},
    url = {https://learn.adafruit.com/tsl2561/overview}
}

@misc{Phone-1503727_1280.png1280962,
    title = {{phone-1503727{\_}1280.png (1280×962)}},
    url = {https://cdn.pixabay.com/photo/2016/07/08/06/06/phone-1503727_1280.png}
}

@misc{RepresentacionAGRICULTURASonora2018ProductosComun,
    title = {{Productos ganaderos fuera de lo com{\'{u}}n}},
    year = {2018},
    author = {{Representaci{\'{o}}n AGRICULTURA Sonora}},
    url = {https://www.gob.mx/agricultura/sonora/articulos/productos-ganaderos-fuera-de-lo-comun-167849?idiom=es}
}

@misc{SecretariadeAgriculturayDesarrolloRural2022PublicaYucatan,
    title = {{Publica Agricultura recomendaciones para aumentar productividad de agricultores y apicultores de la Pen{\'{i}}nsula de Yucat{\'{a}}n}},
    year = {2022},
    author = {{Secretar{\'{i}}a de Agricultura y Desarrollo Rural}},
    url = {https://www.gob.mx/agricultura/prensa/publica-agricultura-recomendaciones-para-aumentar-productividad-de-agricultores-y-apicultores-de-la-peninsula-de-yucatan?idiom=es}
}

@misc{Router-wi-fi-6-ax1500-2-4-ghz-y-5-ghz-hasta-90-m-de-cobertura.webp78,
    title = {{router-wi-fi-6-ax1500-2-4-ghz-y-5-ghz-hasta-90-m-de-cobertura.webp (WEBP Image, 1200 × 1200 pixels) — Scaled (78{\%})}},
    url = {https://www.steren.com.mx/media/catalog/product/cache/0236bbabe616ddcff749ccbc14f38bf2/image/225327009/router-wi-fi-6-ax1500-2-4-ghz-y-5-ghz-hasta-90-m-de-cobertura.jpg}
}

@misc{Sb06eb32da7d744c0806afa4930b6af69U.jpg_640x640Q90.jpg_.webp640640,
    title = {{Sb06eb32da7d744c0806afa4930b6af69U.jpg{\_}640x640Q90.jpg{\_}.webp (640×640)}},
    url = {https://ae01.alicdn.com/kf/Sb06eb32da7d744c0806afa4930b6af69U.jpg_640x640Q90.jpg_.webp}
}

@misc{SEI_130783254.jpg80,
    title = {{SEI{\_}130783254.jpg (WEBP Image, 1200 × 800 pixels) — Scaled (80{\%})}},
    url = {https://images.newscientist.com/wp-content/uploads/2022/10/24154127/SEI_130783254.jpg}
}

@misc{Joy-IT2020SEN-DHT22Sensor,
    title = {{SEN-DHT22 Temperature and humidity sensor}},
    year = {2020},
    author = {{Joy-IT}},
    month = {12}
}

@misc{Sensirion-sht21i2c.jpgPixels,
    title = {{sensirion-sht21i2c.jpg (JPEG Image, 250 × 231 pixels)}},
    url = {https://www.rutronik24.com/pim/direct/sensirion/medium/sensirion-sht21i2c.jpg}
}

@misc{SensorGP2Y1010AU0F,
    title = {{Sensor de polvo SHARP GP2Y1010AU0F}},
    url = {https://naylampmechatronics.com/sensores-gas/353-sensor-de-polvo-sharp-gp2y1010au0f.html}
}

@misc{Sensors-20-02726-g001.webp44,
    title = {{sensors-20-02726-g001.webp (WEBP Image, 2150 × 1708 pixels) — Scaled (44{\%})}},
    url = {https://www.mdpi.com/sensors/sensors-20-02726/article_deploy/html/images/sensors-20-02726-g001.png}
}

@misc{SHT21-2Sensor,
    title = {{SHT21-±2{\%} Digital humidity and temperature sensor}},
    url = {https://sensirion.com/products/catalog/SHT21/}
}

@phdthesis{MARINALARAMEZA2023SISTEMAAPICULTURA,
    title = {{SISTEMA INFORM{\'{A}}TICO EN LA NUBE PARA GESTI{\'{O}}N DE DATOS DE CONDICIONES DE TEMPERATURA EN APICULTURA}},
    year = {2023},
    author = {{MARINA LARA MEZA}},
    school = {TECNM}
}

@article{CoordinacionGeneraldeGanaderia.2015SituacionMexico,
    title = {{Situaci{\'{o}}n actual y perspectiva de la apicultura en M{\'{e}}xico}},
    year = {2015},
    journal = {Claridades Agropecuarias},
    author = {{Coordinaci{\'{o}}n General de Ganader{\'{i}}a.}},
    url = {https://atlas-abejas.agricultura.gob.mx/pdfs/ca199-3.pdf}
}

@misc{SmartHackster.io,
    title = {{Smart Hive Monitoring: Connected Beehive for Optimal Health - Hackster.io}},
    url = {https://www.hackster.io/ibougoumballar/smart-hive-monitoring-connected-beehive-for-optimal-health-b257af}
}

@misc{SolutionbeeSolutionbeeProducts,
    title = {{Solutionbee Products}},
    author = {{Solutionbee}},
    url = {https://solutionbee.com/our-products/#1445768525054-f27aac85-c1db}
}

@misc{SupercapacitorEaton,
    title = {{Supercapacitor XV de celda grande | 2,7 V | 300 F a 600 F | Eaton}},
    url = {https://www.eaton.com/mx/es-mx/catalog/electronic-components/xv-supercapacitor.html}
}

@misc{T6615Telaire,
    title = {{T6615 Dual Channel CO2 Sensor Module | Telaire}},
    url = {https://www.amphenol-sensors.com/en/telaire/co2/525-co2-sensor-modules/319-t6615}
}

@article{Gales2008TheRecognition,
    title = {{The Application of Hidden Markov Models in Speech Recognition}},
    year = {2008},
    journal = {Foundations and Trends{\textregistered} in Signal Processing},
    author = {Gales, Mark and Young, Steve},
    number = {3},
    pages = {195--304},
    volume = {1},
    publisher = {Now Publishers, Inc.},
    url = {http://dx.doi.org/10.1561/2000000004},
    isbn = {9781601981202},
    doi = {10.1561/2000000004},
    issn = {1932-8346},
    keywords = {Signal Processing, Speech/audio/image/video compression}
}

@article{Chadwick2016TheBook,
    title = {{The bee book}},
    year = {2016},
    author = {Chadwick, Fergus and Alton, Steve and Tennant, Emma Sarah and Fitzmaurice, Bill and Earl, Judy},
    pages = {221},
    isbn = {9781465443830}
}

@misc{TheBlogs,
    title = {{The I2S Protocol and Why Digital Audio is Everywhere | Keysight Blogs}},
    url = {https://www.keysight.com/blogs/en/tech/bench/2022/04/29/the-i2s-protocol-and-why-digital-audio-is-everywhere#:~:text=I2S%20is%20a%20serial%20bus,select%2C%20and%20a%20data%20line.}
}

@misc{TheIAAC,
    title = {{The Open Source Beehives Project - The IAAC}},
    url = {https://iaac.net/project/open-source-beehives-project/}
}

@misc{TheIAACb,
    title = {{The Open Source Beehives Project - The IAAC}},
    url = {https://iaac.net/project/open-source-beehives-project/}
}

@misc{THIDOA6,
    title = {{THIDO - Mini Modulo IOT GSM GPRS A6}},
    url = {https://electronicathido.com/detallesProducto.php?id=QzNqR3NySEdGQ0hKcjMvNWxCbThqQT09}
}

@article{Kulyukin2018TowardSamples,
    title = {{Toward Audio Beehive Monitoring: Deep Learning vs. Standard Machine Learning in Classifying Beehive Audio Samples}},
    year = {2018},
    journal = {Applied Sciences},
    author = {Kulyukin, Vladimir and Mukherjee, Sarbajit and Amlathe, Prakhar},
    number = {9},
    month = {9},
    pages = {1573},
    volume = {8},
    doi = {10.3390/app8091573},
    issn = {2076-3417}
}

@misc{Tower-31235_1280.png9301280,
    title = {{tower-31235{\_}1280.png (930×1280)}},
    url = {https://cdn.pixabay.com/photo/2012/04/13/00/23/tower-31235_1280.png}
}

@misc{DataMexico2023TrabajadoresMexico,
    title = {{Trabajadores en la Apicultura: Salarios, diversidad, industrias e informalidad laboral | Data M{\'{e}}xico}},
    year = {2023},
    author = {{Data Mexico}},
    url = {https://www.economia.gob.mx/datamexico/es/profile/occupation/trabajadores-en-la-apicultura?typeJob1=formalOption}
}

@misc{TutorialDigital,
    title = {{Tutorial trasmisor de celda de carga HX711, Balanza Digital}},
    url = {https://naylampmechatronics.com/blog/25_tutorial-trasmisor-de-celda-de-carga-hx711-balanza-digital.html}
}

@misc{UnionSonora,
    title = {{Union de Apicultores de Sonora}},
    url = {https://www.facebook.com/photo/?fbid=444487164363139&set=a.444487127696476}
}

@misc{WhatMedium,
    title = {{What is the IoT? Introduction to the Internet of Things | by Brent Muha | Medium}},
    url = {https://medium.com/@bmuha1/what-is-the-iot-introduction-to-the-internet-of-things-57335391cd5f}
}

@misc{Winter+cluster+of+honeybees.pngPixels,
    title = {{Winter+cluster+of+honeybees.png (PNG Image, 872 × 680 pixels)}},
    url = {https://images.squarespace-cdn.com/content/v1/5f7e43da4d593f18076b4d29/1633894569618-A01F8A6NTKI95OPAGGSS/Winter+cluster+of+honeybees.png}
}

@misc{BodegaLAUS2023PorSomontano,
    title = {{¿Por qu{\'{e}} los insectos son necesarios en el vi{\~{n}}edo? - Bodega LAUS {\textperiodcentered} Aromas del Somontano}},
    year = {2023},
    author = {{Bodega LAUS}},
    url = {https://www.bodegalaus.es/blog/te-contamos-por-que-los-insectos-son-necesarios-en-el-vinedo/}
}

@misc{LorenzaSigalaEllasAbejas,
    title = {{“Ellas son las responsables de la mayor{\'{i}}a de nuestros alimentos": Piden cuidar a las abejas}},
    booktitle = {2021},
    author = {{Lorenza Sigala}},
    url = {https://www.expreso.com.mx/noticias/hermosillo/ellas-son-las-responsables-de-la-mayoria-de-nuestros-alimentos-piden-cuidar-a-las-abejas/120350}
}